@incollection{BOPPANA_1990,
    doi = {10.1016/b978-0-444-88071-0.50019-9},
    url = {https://doi.org/10.1016%2Fb978-0-444-88071-0.50019-9},
    year = {1990},
    pages = {757--804},
    title = {The Complexity of Finite Functions},
    booktitle = {Algorithms and Complexity},
    publisher = {Elsevier},
    author = {Ravi B. BOPPANA and Michael SIPSER},
}
