@article{vom2021process,
  title={Process science: the interdisciplinary study of continuous change},
  author={vom Brocke, Jan and van der Aalst, Wil and Grisold, Thomas and Kremser, Waldemar and Mendling, Jan and Pentland, Brian and Recker, Jan and Roeglinger, Maximilian and Rosemann, Michael and Weber, Barbara},
  journal={Available at SSRN 3916817},
  year={2021}
}

@article{mendling2016scientific,
  title={From Scientific Process Management to Process Science: Towards an Empirical Research Agenda for Business Process Management.},
  author={Mendling, Jan},
  journal={ZEUS},
  pages={1--4},
  year={2016}
}

@book{dumas2018fundamentals,
  title={Fundamentals of business process management},
  author={Dumas, Marlon and La Rosa, Marcello and Mendling, Jan and Reijers, Hajo A and others},
  volume={2},
  year={2018},
  publisher={Springer}
}

@article{davenport2019process,
  title={What process mining is, and why companies should do it},
  author={Davenport, Thomas H and Spanyi, Andrew},
  journal={Harvard Business Review},
  volume={97},
  number={2},
  pages={2--7},
  year={2019}
}

@article{chia1999rhizomic,
  title={A ‘rhizomic’model of organizational change and transformation: Perspective from a metaphysics of change},
  author={Chia, Robert},
  journal={British journal of management},
  volume={10},
  number={3},
  pages={209--227},
  year={1999},
  publisher={Wiley Online Library}
}

@article{lazer2020computational,
  title={Computational social science: Obstacles and opportunities},
  author={Lazer, David MJ and Pentland, Alex and Watts, Duncan J and Aral, Sinan and Athey, Susan and Contractor, Noshir and Freelon, Deen and Gonzalez-Bailon, Sandra and King, Gary and Margetts, Helen and others},
  journal={Science},
  volume={369},
  number={6507},
  pages={1060--1062},
  year={2020},
  publisher={American Association for the Advancement of Science}
}

@article{gaieck2020science,
  title={Science policy for scientists: A simple task for great effect},
  author={Gaieck, William and Lawrence, JP and Montchal, Maria and Pandori, William and Valdez-Ward, Evelyn},
  journal={Proceedings of the National Academy of Sciences},
  volume={117},
  number={35},
  pages={20977--20981},
  year={2020},
  publisher={National Acad Sciences}
}

@inproceedings{van2012process,
  title={Process mining manifesto},
  author={Van Der Aalst, Wil and Adriansyah, Arya and De Medeiros, Ana Karla Alves and Arcieri, Franco and Baier, Thomas and Blickle, Tobias and Bose, Jagadeesh Chandra and Van Den Brand, Peter and Brandtjen, Ronald and Buijs, Joos and others},
  booktitle={Business Process Management Workshops: BPM 2011 International Workshops, Clermont-Ferrand, France, August 29, 2011, Revised Selected Papers, Part I 9},
  pages={169--194},
  year={2012},
  organization={Springer}
}

@article{van2012process,
  title={Process mining: Overview and opportunities},
  author={Van Der Aalst, Wil},
  journal={ACM Transactions on Management Information Systems (TMIS)},
  volume={3},
  number={2},
  pages={1--17},
  year={2012},
  publisher={ACM New York, NY, USA}
}

@article{greyling2017application,
  title={The application of business process mining to improving a physical asset management process: A case study},
  author={Greyling, Berno Theo and Jooste, Wyhan},
  journal={South African Journal of Industrial Engineering},
  volume={28},
  number={2},
  pages={120--132},
  year={2017}
}

@article{colacco2011survey,
  title={A survey of basic deterministic, heuristic and hybrid methods for single-objective optimization and response surface generation},
  author={Cola{\c{c}}o, Marcelo J and Dulikravich, George S},
  journal={Thermal measurements and inverse techniques},
  volume={1},
  pages={355--405},
  year={2011},
  publisher={CRC}
}

@book{winston2004operations,
  title={Operations research: applications and algorithm},
  author={Winston, Wayne L},
  year={2004},
  publisher={Thomson Learning, Inc.}
}

@inproceedings{fantinato2021x,
  title={X-processes: Discovering more accurate business process models with a genetic algorithms method},
  author={Fantinato, Marcelo and Peres, Sarajane Marques and Reijers, Hajo A},
  booktitle={2021 IEEE 25th International Enterprise Distributed Object Computing Conference (EDOC)},
  pages={114--123},
  year={2021},
  organization={IEEE}
}

@inproceedings{gomes2019mineraccao,
  title={Minera{\c{c}}{\~a}o de dados na pesquisa em ci{\^e}ncia da informa{\c{c}}{\~a}o: desafios e oportunidades},
  author={Gomes, Josir Cardoso and Pimenta, Ricardo Medeiros and Schneider, Marco},
  booktitle={ENANCIB 2019},
  year={2019}
}

@incollection{marban2009data,
  title={A data mining \& knowledge discovery process model},
  author={Marb{\'a}n, {\'O}scar and Mariscal, Gonzalo and Segovia, Javier},
  booktitle={Data mining and knowledge discovery in real life applications},
  year={2009},
  publisher={IntechOpen}
}

@article{rotondo2020evolution,
  title={Evolution paths for knowledge discovery and data mining process models},
  author={Rotondo, Anna and Quilligan, Fergus},
  journal={SN Computer Science},
  volume={1},
  number={2},
  pages={109},
  year={2020},
  publisher={Springer}
}

@inproceedings{nafasa2019implementation,
  title={Implementation of alpha miner algorithm in process mining application development for online learning activities based on moodle event log data},
  author={Nafasa, Phyllalintang and Waspada, Indra and Bahtiar, Nurdin and Wibowo, Adi},
  booktitle={2019 3rd International Conference on Informatics and Computational Sciences (ICICoS)},
  pages={1--6},
  year={2019},
  organization={IEEE}
}

@book{cardoso1997redes,
  title={Redes de petri},
  author={Cardoso, Janette and Valette, Robert},
  year={1997},
  publisher={Editora da UFSC Florian{\'o}polis}
}

@article{erdfelder2009multinomial,
  title={Multinomial processing tree models: A review of the literature},
  author={Erdfelder, Edgar and Auer, Tina-Sarah and Hilbig, Benjamin E and A{\ss}falg, Andr{\'e} and Moshagen, Morten and Nadarevic, Lena},
  journal={Zeitschrift f{\"u}r Psychologie/Journal of Psychology},
  volume={217},
  number={3},
  pages={108--124},
  year={2009},
  publisher={Hogrefe Publishing}
}

@article{chinosi2012bpmn,
  title={BPMN: An introduction to the standard},
  author={Chinosi, Michele and Trombetta, Alberto},
  journal={Computer Standards \& Interfaces},
  volume={34},
  number={1},
  pages={124--134},
  year={2012},
  publisher={Elsevier}
}

@article{python2021python,
  title={Python},
  author={Python, Why},
  journal={Python Releases for Windows},
  volume={24},
  year={2021},
  publisher={Citeseer}
}

@article{berti2023pm4py,
  title={PM4Py: a process mining library for Python},
  author={Berti, Alessandro and van Zelst, Sebastiaan and Schuster, Daniel},
  journal={Software Impacts},
  volume={17},
  pages={100556},
  year={2023},
  publisher={Elsevier}
}

@article{bogarin2018discovering,
  title={Discovering learning processes using inductive miner: A case study with learning management systems (LMSs)},
  author={Bogar{\'\i}n Vega, Alejandro and Cerezo Men{\'e}ndez, Rebeca and Romero, Cristobal and others},
  journal={Psicothema},
  year={2018}
}

@article{burattin2012heuristics,
  title={Heuristics miners for streaming event data},
  author={Burattin, Andrea and Sperduti, Alessandro and van der Aalst, Wil MP},
  journal={arXiv preprint arXiv:1212.6383},
  year={2012}
}