%  a sample bibliography file
%  
%-----------

@inproceedings{Zakari,
author = {Zakari, Hanan},
year = {2014},
month = {10},
pages = {},
title = {A Review of Serious Games for Children with Autism Spectrum Disorders (ASD)},
isbn = {978-3-319-11622-8},
doi = {10.1007/978-3-319-11623-5_9}
}

@article{Fletcher,
author = {Fletcher-Watson, S. and Pain, Helen and Hammond, Sean and Humphry, A. and McConachie, Helen},
year = {2016},
month = {04},
pages = {},
title = {Designing for young children with autism spectrum disorder: A case study of an iPad app},
volume = {7},
journal = {International Journal of Child-Computer Interaction},
doi = {10.1016/j.ijcci.2016.03.002}
}


@article{DBLP:journals/ijim/EderDMMS16,
  author       = {Marylene Saldon Eder and
                  John Maruel L. Diaz and
                  Joanne Ruth S. Madela and
                  Marife U. Mag{-}usara and
                  Dhally Dith M. Sabellano},
  title        = {Fill Me App: An Interactive Mobile Game Application for Children with
                  Autism},
  journal      = {Int. J. Interact. Mob. Technol.},
  volume       = {10},
  number       = {3},
  pages        = {59--63},
  year         = {2016},
  url          = {https://doi.org/10.3991/ijim.v10i3.5553},
  doi          = {10.3991/ijim.v10i3.5553},
  timestamp    = {Fri, 10 Jun 2022 10:35:13 +0200},
  biburl       = {https://dblp.org/rec/journals/ijim/EderDMMS16.bib},
  bibsource    = {dblp computer science bibliography, https://dblp.org}
}

@article{Folostina,
  title={Teaching Mathematics to Children With Autism: Pedagogical Strategies.},
  author={Folostina, Ruxandra, and Theodora Michel},
  year={2022},
  publisher={Hershey, PA: IGI Global}
}




@Book{jayme2018,
  title     = {Teoria Computacional de Grafos},
  publisher = {[S.l.]: Elsevier},
  year      = {2018},
  author    = {Jayme Luiz Szwarcfiter},
  month     = mar,
  isbn      = {978-8535288841},
}

@article{dmtcs:6506,
  title = {The Complexity of {H}elly-${B}_{1}$ {EPG} Graph Recognition},
  author = {Bornstein, Claudson F. and Golumbic, Martin Charles and Santos, Tanilson D. and Souza, Uéverton S. and Szwarcfiter, Jayme L.},
  url = {https://dmtcs.episciences.org/6506},
  journal = {{Discrete Mathematics \& Theoretical Computer Science}},
  volume = {22},
  number = {1},
  year = {2020},
  month = {Jun}
}

@article{zum1931quantentheoretische,
  title={Quantentheoretische beitr{\"a}ge zum benzolproblem},
  author={Zum Bezolproblem, Quantentheoretische Beitr{\"a}ge and zum Problem, Quantentheoretische Beitr{\"a}ge},
  journal={Zeitschrift Fuer Physikalische Chemie},
  volume={70},
  pages={204--286},
  year={1931}
}

@article{abreu2007introduccaoa,
  title={Introdu{\c{c}}ão à Teoria Espectral de Grafos com Aplica{\c{c}}ões},
  author={ABREU, Nair Maria Maia de and Del-Vecchio, RR and Vinagre, CTM and Stevanovic, D},
  journal={Notas em Matem{\'a}tica Aplicada},
  volume={27},
  pages={25},
  year={2007}
}

@phdthesis{sa2017segurancca,
  title={A seguran{\c{c}}a das infraestruturas cr{\'\i}ticas de energia no Brasil},
  author={S{\'a}, Odair Oliveira de},
  year={2017},
  school={Universidade de S{\~a}o Paulo}
}

@article{coutinho2007detecccao,
  title={Detec{\c{c}}{\~a}o de ataques em infra-estruturas cr{\'\i}ticas de sistemas el{\'e}tricos de pot{\^e}ncia usando t{\'e}cnicas inteligentes.},
  author={Coutinho, Maur{\'\i}lio Pereira},
  year={2007}
}

@article{souza2008metodologia,
  title={Metodologia de an{\'a}lise de redes sociais},
  author={Souza, Queila and Quandt, Carlos},
  journal={O tempo das redes. S{\~a}o Paulo: Perspectiva},
  pages={31--63},
  year={2008}
}

@article{azevedo2012uso,
  title={Uso de an{\'a}lise envolt{\'o}ria de dados para mensurar efici{\^e}ncia temporal de rodovias federais concessionadas},
  author={Azevedo, Guilherme Henrique Ismael de and Roboredo, Marcos Costa and Aizemberg, Luiz and Silveira, Juliana Quintanilha da and Mello, Jo{\~a}o Carlos Correia Baptista Soares de},
  journal={Journal of Transport Literature},
  volume={6},
  pages={37--56},
  year={2012},
  publisher={SciELO Brasil}
}

@article{bogo2010analise,
  title={An{\'a}lise de Correla$\varsigma${\~a}o Can{\^o}nica Aplicada ao Fluxo de Tr{\'a}fego Veicular-Estudo de Caso da Rodovia Federal BR-116},
  author={Bogo, RL and Gramani, LM and Neto, AC and Balbo, FAN},
  journal={Mec{\'a}nica Computacional},
  volume={29},
  number={20},
  pages={2071--2081},
  year={2010}
}

@article{murray2007critical,
  title={Critical network infrastructure analysis: interdiction and system flow},
  author={Murray, Alan T and Matisziw, Timothy C and Grubesic, Tony H},
  journal={Journal of Geographical Systems},
  volume={9},
  number={2},
  pages={103--117},
  year={2007},
  publisher={Springer}
}


@article{shen2012discovery,
  title={On the discovery of critical links and nodes for assessing network vulnerability},
  author={Shen, Yilin and Nguyen, Nam P and Xuan, Ying and Thai, My T},
  journal={IEEE/ACM Transactions on Networking},
  volume={21},
  number={3},
  pages={963--973},
  year={2012},
  publisher={IEEE}
}
%-----------
@article{small,
author = {Freely, I.P.},
title = {A small paper},
journal = {The journal of small papers},
year = 1997,
volume = {-1},
note = {to appear},
}

@article{big,
author = {Jass, Hugh},
title = {A big paper},
journal = {The journal of big papers},
year = 7991,
volume = {MCMXCVII},
}

@article{Vygotsky,
author = {SANTOS, Vygotsky},
title = {Educação Infantil: o lúdico no processo de formação do indivíduo e suas especificidades},
journal = {Educação Pública},
year = 1979,
volume = {MCMXCVII},
}

%  The authors mentioned here are almost, but not quite,
%  entirely unrelated to Matt Groening.